@Manual{R-base,
  title = {R: A Language and Environment for Statistical Computing},
  author = {{R Core Team}},
  organization = {R Foundation for Statistical Computing},
  address = {Vienna, Austria},
  year = {2020},
  url = {https://www.R-project.org/},
}
@Manual{R-papaja,
  title = {{papaja}: {Prepare} reproducible {APA} journal articles with {R Markdown}},
  author = {Frederik Aust and Marius Barth},
  year = {2020},
  note = {R package version 0.1.0.9997},
  url = {https://github.com/crsh/papaja},
}
@Manual{R-tinylabels,
  title = {{tinylabels}: Lightweight Variable Labels},
  author = {Marius Barth},
  year = {2021},
  note = {R package version 0.2.0},
  url = {https://github.com/mariusbarth/tinylabels},
}
@InProceedings{wang2020doublehard,
author={Tianlu Wang and Xi Victoria Lin and Nazneen Fatema Rajani and Bryan McCann and Vicente Ordonez and Caiming Xiong},
title={Double-Hard Debias: Tailoring Word Embeddings for Gender Bias Mitigation},
booktitle = {Association for Computational Linguistics (ACL)},
month = {July},
year = {2020}
}
@inproceedings{mikolov2013MSR,
    title = "Linguistic Regularities in Continuous Space Word Representations",
    author = "Mikolov, Tomas  and
      Yih, Wen-tau  and
      Zweig, Geoffrey",
    booktitle = "Proceedings of the 2013 Conference of the North {A}merican Chapter of the Association for Computational Linguistics: Human Language Technologies",
    month = jun,
    year = "2013",
    address = "Atlanta, Georgia",
    publisher = "Association for Computational Linguistics",
    url = "https://www.aclweb.org/anthology/N13-1090",
    pages = "746--751",
}
@misc{mikolov2013Google,
      title={Efficient Estimation of Word Representations in Vector Space}, 
      author={Tomas Mikolov and Kai Chen and Greg Corrado and Jeffrey Dean},
      year={2013},
      eprint={1301.3781},
      archivePrefix={arXiv},
      primaryClass={cs.CL}
}